@Book {Bayesian_methods_in_cosmology,
author = {Hobson, M.P and Jaffe,A.H. and Liddle,A.R and Mukherjee,P.M. and Parkinson,D},
title = {Bayesian Methods in Cosmology}, 
publisher = {Cambridge University Press}, 
year = {2009},
isbn = {9780511802461}, 
note = {Cambridge Books Online}, 
url = {http://dx.doi.org/10.1017/CBO9780511802461}
}
